<?xml version="1.0" encoding="UTF-8"?><collection xmlns="http://www.loc.gov/MARC21/slim"><record><leader>00562nam--2200193-i-4500</leader><controlfield tag="001">000007098</controlfield><controlfield tag="002">20161230</controlfield><controlfield tag="005">20170128000935</controlfield><controlfield tag="008">060222s1000------------r-----000-0-fre-d</controlfield><datafield ind1=" " ind2=" " tag="040"><subfield code="a">IFIN-HH</subfield></datafield><datafield ind1=" " ind2=" " tag="041"><subfield code="a">fre</subfield></datafield><datafield ind1=" " ind2=" " tag="080"><subfield code="a">53</subfield></datafield><datafield ind1="1" ind2=" " tag="100"><subfield code="a">Lattes, Robert</subfield></datafield><datafield ind1="1" ind2="0" tag="245"><subfield code="a">Quelques methodes de resolution de problemes aux limites de la physique mathematique</subfield><subfield code="c">Robert Lattes</subfield></datafield><datafield ind1=" " ind2=" " tag="260"><subfield code="a">Paris</subfield><subfield code="b">Gordon &amp; Breach</subfield><subfield code="c">1967</subfield></datafield><datafield ind1=" " ind2=" " tag="300"><subfield code="a">X+186 p</subfield></datafield><datafield ind1=" " ind2=" " tag="490"><subfield code="a">Cours Et Documents De Mathematiques Et De Physique</subfield></datafield><datafield ind1=" " ind2=" " tag="852"><subfield code="a">29853</subfield><subfield code="c">53.02</subfield></datafield><datafield ind1=" " ind2=" " tag="CAT"><subfield code="a">SYS</subfield><subfield code="c">20170128</subfield><subfield code="h">000935</subfield></datafield></record></collection>